@article{mes,
	author = {Awnon Bhowmik and Unnikrishnan Menon},
	title = {MES – Modern Encryption Standard},
	journal = {International Journal of Computer Applications},
	issue_date = {July 2020},
	volume = {176},
	number = {36},
	month = {Jul},
	year = {2020},
	issn = {0975-8887},
	pages = {21-27},
	numpages = {7},
	url = {http://www.ijcaonline.org/archives/volume176/number36/31435-2020920479},
	doi = {10.5120/ijca2020920479},
	publisher = {Foundation of Computer Science (FCS), NY, USA},
	address = {New York, USA}
}

@article{dragon,
	author = {Awnon Bhowmik and Unnikrishnan Menon},
	title = {Dragon Crypto – An Innovative Cryptosystem},
	journal = {International Journal of Computer Applications},
	issue_date = {June 2020},
	volume = {176},
	number = {29},
	month = {Jun},
	year = {2020},
	issn = {0975-8887},
	pages = {37-41},
	numpages = {5},
	url = {http://www.ijcaonline.org/archives/volume176/number29/31386-2020920331},
	doi = {10.5120/ijca2020920331},
	publisher = {Foundation of Computer Science (FCS), NY, USA},
	address = {New York, USA}
}

@article{ntru,
	author = {Awnon Bhowmik and Unnikrishnan Menon},
	title = {Enhancing the NTRU Cryptosystem},
	journal = {International Journal of Computer Applications},
	issue_date = {June 2020},
	volume = {176},
	number = {29},
	month = {Jun},
	year = {2020},
	issn = {0975-8887},
	pages = {46-53},
	numpages = {8},
	url = {http://www.ijcaonline.org/archives/volume176/number29/31388-2020920320},
	doi = {10.5120/ijca2020920320},
	publisher = {Foundation of Computer Science (FCS), NY, USA},
	address = {New York, USA}
}

@article{scytale,
	author = {Unnikrishnan Menon and Atharva Hudlikar and Divyani Panda},
	title = {Scytale - An Evolutionary Cryptosystem},
	journal = {International Journal of Computer Science and Network},
	issue_date = {August 2020},
	volume = {9},
	number = {4},
	month = {Aug},
	year = {2020},
	issn = {2277-5420},
	pages = {153-159},
	numpages = {7},
	url = {http://ijcsn.org/articles/0904/Scytale-An-Evolutionary-Cryptosystem.html},
	publisher = {Digital Library of Academic Research},
}